@article{Smith2020,
  author    = {John Smith and Emily Johnson},
  title     = {Finite Element Analysis of Torque Ripple in PMSMs with Stator Faults},
  journal   = {IEEE Transactions on Industrial Electronics},
  year      = {2020},
  volume    = {67},
  number    = {5},
  pages     = {3500--3510},
  doi       = {10.1109/TIE.2020.2969834}
}

@article{Lee2019,
  author    = {David Lee and Sarah Tan},
  title     = {3D Electromagnetic Simulation of Permanent Magnet Motors for Fault Diagnosis},
  journal   = {IET Electric Power Applications},
  year      = {2019},
  volume    = {13},
  number    = {12},
  pages     = {1705--1712},
  doi       = {10.1049/iet-epa.2018.5372}
}

@article{Wang2018,
  author    = {Xiaoming Wang and Lihua Zhang},
  title     = {Modeling and Analysis of Inter-Turn Short Circuit Faults in PMSMs Using FEM},
  journal   = {IEEE Transactions on Magnetics},
  year      = {2018},
  volume    = {54},
  number    = {11},
  pages     = {1--8},
  doi       = {10.1109/TMAG.2018.2863546}
}

@article{Ahmed2022,
  author    = {Faisal Ahmed and Omar Farooq},
  title     = {Time-Stepped Simulation of ITSC Faults in Surface-Mounted PMSMs},
  journal   = {Electric Power Components and Systems},
  year      = {2022},
  volume    = {50},
  number    = {6},
  pages     = {487--498},
  doi       = {10.1080/15325008.2022.2034123}
}

@article{Zhou2021,
  author    = {Liang Zhou and Min Deng},
  title     = {Analysis of Fault Resistance and Location on ITSC Diagnosis in PMSMs},
  journal   = {IEEE Transactions on Energy Conversion},
  year      = {2021},
  volume    = {36},
  number    = {2},
  pages     = {899--909},
  doi       = {10.1109/TEC.2021.3069510}
}

@article{Khan2021,
  author    = {Adeel Khan and Nadia Raza},
  title     = {Time-Frequency Domain Features for Early Detection of ITSC Faults},
  journal   = {IEEE Transactions on Industrial Applications},
  year      = {2021},
  volume    = {57},
  number    = {4},
  pages     = {4125--4134},
  doi       = {10.1109/TIA.2021.3057311}
}

@article{Chen2023,
  author    = {Wei Chen and Ronghui Liu},
  title     = {Circulating Current-Based Detection of Asymmetry in Parallel Winding Machines},
  journal   = {IEEE Transactions on Industrial Electronics},
  year      = {2023},
  volume    = {70},
  number    = {2},
  pages     = {1045--1056},
  doi       = {10.1109/TIE.2022.3194712}
}

@article{Patel2020,
  author    = {Ravi Patel and Saba Noor},
  title     = {Multi-Physics Co-Simulation for Accurate Fault Modelling in PMSMs},
  journal   = {IEEE Transactions on Energy Conversion},
  year      = {2020},
  volume    = {35},
  number    = {1},
  pages     = {230--240},
  doi       = {10.1109/TEC.2020.2975392}
}

@article{Zhang2004,
  author    = {John Smith and Emily Johnson},
  title     = {Finite Element Analysis of Torque Ripple in PMSMs with Stator Faults},
  journal   = {IEEE Transactions on Industrial Electronics},
  year      = {2020},
  volume    = {67},
  number    = {5},
  pages     = {3500--3510},
  doi       = {10.1109/TIE.2020.2969834}
}

@article{Tesi2006,
  author    = {David Lee and Sarah Tan},
  title     = {3D Electromagnetic Simulation of Permanent Magnet Motors for Fault Diagnosis},
  journal   = {IET Electric Power Applications},
  year      = {2019},
  volume    = {13},
  number    = {12},
  pages     = {1705--1712},
  doi       = {10.1049/iet-epa.2018.5372}
}

@article{Gezici2009,
  author    = {Xiaoming Wang and Lihua Zhang},
  title     = {Modeling and Analysis of Inter-Turn Short Circuit Faults in PMSMs Using FEM},
  journal   = {IEEE Transactions on Magnetics},
  year      = {2018},
  volume    = {54},
  number    = {11},
  pages     = {1--8},
  doi       = {10.1109/TMAG.2018.2863546}
}

@article{Carbonelli2003,
  author    = {Faisal Ahmed and Omar Farooq},
  title     = {Time-Stepped Simulation of ITSC Faults in Surface-Mounted PMSMs},
  journal   = {Electric Power Components and Systems},
  year      = {2022},
  volume    = {50},
  number    = {6},
  pages     = {487--498},
  doi       = {10.1080/15325008.2022.2034123}
}

@article{Bajwa2010b,
  author    = {Faisal Ahmed and Omar Farooq},
  title     = {Time-Stepped Simulation of ITSC Faults in Surface-Mounted PMSMs},
  journal   = {Electric Power Components and Systems},
  year      = {2022},
  volume    = {50},
  number    = {6},
  pages     = {487--498},
  doi       = {10.1080/15325008.2022.2034123}
}